@InCollection{StroustrupHistory,
  author = 	 {Bjarne Stroustrup},
  title = 	 {A history of C++: 1979--1991},
  booktitle = 	 {History of programming languages --- II},
  pages =	 {699-769},
  publisher =	 {ACM},
  year =	 1996,
  editor =	 {Jr. Bergin and J. Thomas and Jr. Gibson and G. Richard},
  chapter =	 {},
  address =	 {New York, NY, USA},
  note =	 {Available at \url{http://doi.acm.org/10.1145/234286.1057836}},
  isbn =     {0-201-89502-1},
  doi =      {10.1145/234286.1057836}
}

@Misc{CplusplusHistoryofCpp,
  author =       {Cplusplus},
  title =        {History of C++},
  howpublished = {Available at \url{http://www.cplusplus.com/info/history/}},
  month =        {February},
  year =         2012
 }
 
@Misc{ISO:2011:Cpplanguage,
  author =       {ISO},
  title =        {C++ language gets high marks on performance with new ISO/IEC standard},
  howpublished = {Available at \url{http://www.iso.org/iso/pressrelease?refid=Ref1472}},
  month =        {October},
  year =         2011
 }
 
 @Book{Prata:2012:Cpp,
  author =       {Stephen Prata},
  title =        {C++ Primer Plus},
  address =      {Upper Saddle River, New Jersey},  
  publisher =    {Addison-Wesley},
  year =         2012, 
  edition =      {6th},
  note =         {ISBN-13: 978-0-321-77640-2}
}

@Misc{Stroustrup:2012:Cpp11,
  author =       {Stroustrup Bjarne},
  title =        {C++11 - the recently approved new ISO C++ standard},
  howpublished = {Available at \url{http://www2.research.att.com/~bs/C++0xFAQ.html}},
  month =        {february},
  year =         2012
 }

 @Book{Deitel:2012:CPP,
 author = {Paul Deitel and Harvey Deitel},
 title = {C++ How to Program},
 address = {Boston, Massachusetts},
 publisher = {Prentice Hall Press},
 year = 2012,
 edition = {8th},
 note = {ISBN-10: 0-13-266236-1,ISBN-13: 978-0-13-266236-9}
} 

@article{Stroustrup:2005:Cpp,
 author = {Stroustrup Bjarne},
 title = {The Design of C++0x},
 journal = {C/C++ Users J.},
 month = {may},
 year = 2005,
 numpages = {5},
 pages = {1-5},
 url = {Available at \url{http://www2.research.att.com/~bs/rules.pdf}},
 publisher = {CMP Media, Inc.},
 address = {USA}
} 

@Book{Gregorie:professionalcpp,
  author =       {Marc Gregorie and Nicholas A. Solter and Scott J. Kleper},
  title =        {Professional C++},
  address =	     {Indianapolis, Indiana},
  publisher =    {Wrox},
  year =         2012,
  edition =      {2nd},
  note =         {ISBN: 978-0-470-93244-5}
}

@book{Overland:2011:CWF,
 author = {Overland Brian},
 title = {C++ Without Fear: A Beginner's Guide That Makes You Feel Smart},
 address = {Upper Saddle River, NJ, USA},
 publisher = {Prentice Hall Press},
 year = 2011,
 edition = {2nd},
 note = {ISBN-10: 0132673266,ISBN-13: 9780132673266 }
} 
