@InCollection{StroustrupHistory,
  author = 	 {Bjarne Stroustrup},
  title = 	 {A history of C++: 1979--1991},
  booktitle = 	 {History of programming languages --- II},
  pages =	 {699-769},
  publisher =	 {ACM},
  year =	 1996,
  editor =	 {Jr. Bergin and J. Thomas and Jr. Gibson and G. Richard},
  chapter =	 {},
  address =	 {New York, NY, USA},
  note =	 {Available at \url{http://doi.acm.org/10.1145/234286.1057836}},
  isbn =     {0-201-89502-1},
  doi =      {10.1145/234286.1057836}
}

@Misc{CplusplusHistoryofCpp,
  author =       {Cplusplus},
  title =        {History of C++},
  howpublished = {Available at \url{http://www.cplusplus.com/info/history/}},
  month =        {February},
  year =         2012
 }
 
@Misc{ISO:2011:Cpplanguage,
  author =       {ISO},
  title =        {Information technology  Programming languages - C++ },
  howpublished = {Available at \url{http://www.developerfusion.com/news/130033/c11-standard-published/}},
  month =        {October},
  year =         2011
 }
 
 @Book{Prata:2012:Cpp,
  author =       {Stephen Prata},
  title =        {C++ Primer Plus},
  address =      {Upper Saddle River, New Jersey},  
  publisher =    {Addison-Wesley},
  year =          2012, 
  edition =      {6th},
  note =         {ISBN-13: 978-0-321-77640-2}
}

@Misc{Stroustrup:2012:Cpp11,
  author =       {Bjarne Stroustrup},
  title =        {C++11 - the recently approved new ISO C++ standard},
  howpublished = {Available at \url{http://www.stroustrup.com/C++11FAQ.html}},
  month =      {february},
  year =        2012
 }

 @Book{Deitel:2012:CPP,
 author = {Paul Deitel and Harvey Deitel},
 title = {C++ How to Program},
 address = {Boston, Massachusetts},
 publisher = {Prentice Hall Press},
 year = 2012,
 edition = {8th},
 note = {ISBN-10: 0-13-266236-1}
} 

@Article{Stroustrup:2005:Cpp,
 author = {Bjarne Stroustrup},
 title = {Rules of thumb for the design of C++0x},
 journal = {C/C++ Users J.},
 month = {may},
 year = {2005},
 numpages = {11},
 pages = {1-11},
 url = {Available at \url{http://www2.research.att.com/~bs/rules.pdf}},
 publisher = {CMP Media, Inc.},
 address = {USA}
} 

@Book{Gregorie:professionalcpp,
  author =       {Marc Gregorie and Nicholas A. Solter and Scott J. Kleper},
  title =        {Professional C++},
  address =	     {Indianapolis, Indiana},
  publisher =    {Wrox},
  year =          2012,
  edition =      {2nd},
  note =  {ISBN: 978-0-470-93244-5}
}

@Book{Overland:2011:CWF,
 author = {Brian Overland},
 title = {C++ Without Fear: A Beginner's Guide That Makes You Feel Smart},
 address = {Upper Saddle River, NJ, USA},
 publisher = {Prentice Hall Press},
 year = 2011,
 edition = {2nd},
 note = {ISBN-10: 0132673266}
} 

@Book{Williams:2012:CCA,
 author = {Anthony Williams},
 title = {C++ Concurrency in Action},
 address = {Shelter Island},
 publisher = {Manning Publications},
 year = 2012,
 note = {ISBN-10: 1933988770}
} 

@Book{Horstmann:2008:BC,
 author = {Cay S. Horstmann and Timothy A. Budd},
 title = {Big C++},
 address = {Hoboken NJ, USA},
 publisher = {Wiley},
 year = 2008,
 edition = {2nd},
 note = {ISBN-10: 0470383283}
} 

@Book{Josuttis:2012:CppStandard,
 author = {Nicolai M. Josuttis},
 title = {The C++ Standard Library: A Tutorial And Reference},
 address = {New Jersey, USA},
 publisher = {Addison-Wesley Professional},
 year = 2012,
 edition = {2nd},
 note = {ISBN-10: 0-321-62321-5}
} 

@Misc{MSDN:2012:CppModern,
  author = {MSDN},
  title = {C++11 Features (Modern C++)},
  howpublished = {Available at \url{http://msdn.microsoft.com/en-us/library/hh567368}},
  month = {April},
  year =2012
 }

@Misc{Allain:2011:FutureCpp,
  author =       {Alex Allain},
  title =        {C++0x: The future of C++},
  howpublished = {Available at \url{http://www.cprogramming.com/c++11/what-is-c++0x.html}},
  month =  {March},
  year = 2011
 }

@Misc{Cppreference:2012:Cpp11,
  author = {Cppreference},
  title = {C++ reference: C++98, C++03, C++11},
  howpublished = {Available at \url{http://en.cppreference.com/w/}},
  month = {March},
  year = 2012
 }


@Inproceedings{Gregor:2007:VTC,
 author = {Douglas Gregor and Jaakko Jarvi},
 title = {Variadic templates for C++},
 booktitle = {Proceedings of the 2007 ACM symposium on Applied computing},
 address = {New York, NY, USA},
 series = {SAC '07},
 year = {2007},
 isbn = {1-59593-480-4},
 location = {Seoul, Korea},
 pages = {1101--1108},
 numpages = {8},
 url = {http://doi.acm.org/10.1145/1244002.1244243},
 doi = {10.1145/1244002.1244243},
 acmid = {1244243},
 publisher = {ACM}
} 

@Book{Reddy:2011:API,
 author = {Martin Reddy},
 title = {API Design For C++},
 address = {Burlington, USA},
 publisher = {Morgan Kaufmann},
 year = 2011,
 note = {ISBN-10: 0123850037}
}

@Book{Schaling:2011:BoostCppLibraries,
 author = {Boris Schaling},
 title = {The Boost C++ Libraries},
 address = { USA},
 publisher = {XML Press},
 year = 2011,
 note = {ISBN-10: 0982219199}
}

@Misc{Boost:2007:Cpp,
  author = {Boost},
  title = {Boost C++ Libraries},
  howpublished = {Available at \url{http://www.boost.org/}},
  month = {March},
  year = 2007
 }

@Book{Stroustrup:1994:DesignEvolution,
 author = {Bjarne Stroustrup},
 title = {The Design And Evolution Of C++},
 address = {New Jersey, USA},
 publisher = {Addison-Wesley Professional},
 year = 1994,
 note = {ISBN-10: 0201543303}
}

@Book{Stallman:2000:GnuMake,
 author = {Richard Stallman},
 title = {Gnu Make Ver 3.79},
 address = {1005 Gravenstein Highway North, Sebastopol},
 publisher = {Boston, USA},
 year = 2000,
 note = {ISBN-10: 1882114817}
} 

@book{Mecklenburg:2004:MakeGun,
 author = {Robert Mecklenburg},
 title = {Managing Projects With GNU Make},
 address = { 1005 Gravenstein Highway North, Sebastopol},
 publisher = { O'Reilly Media},
 year = 2004,
 edition = {3rd},
 note = {ISBN-10: 0596006101}
} 

@article{Stroustrup:2005:Design,
 author = {Stroustrup, Bjarne},
 title = {The Design of C++0x},
 journal = {C/C++ Users J.},
 month = may,
 year = {2005},
 numpages = {5},
 url = {http://www2.research.att.com/~bs/rules.pdf},
 publisher = {CMP Media, Inc.},
 address = {USA}
} 